@ARTICLE{firsttest,
author= {Albert Amoah Junior},
title= {First work},
year= {2021},
journal = {testing}
}