@INPROCEEDINGS{7302210,
  author={Dinh Le, Tuan and Tan, Dat Ho},
  booktitle={2015 2nd National Foundation for Science and Technology Development Conference on Information and Computer Science (NICS)}, 
  title={Design and deploy a wireless sensor network for precision agriculture}, 
  year={2015},
  volume={},
  number={},
  pages={294-299},
  keywords={Wireless sensor networks;Agriculture;Temperature sensors;Humidity;Servers;Monitoring;Temperature measurement;Wireless sensor network;Management framework;dynamic Bayesian nework},
  doi={10.1109/NICS.2015.7302210}}
  
@INPROCEEDINGS{6808017,
  author={Nandurkar, S. R. and Thool, V. R. and Thool, R C.},
  booktitle={2014 First International Conference on Automation, Control, Energy and Systems (ACES)}, 
  title={Design and development of precision agriculture system using wireless sensor network}, 
  year={2014},
  volume={},
  number={},
  pages={1-6},
  keywords={Temperature sensors;Irrigation;Soil moisture;Moisture;Radio frequency;Microcontrollers;Soil moisture sensor;temperature sensor;wireless sensor network;Microcontroller},
  doi={10.1109/ACES.2014.6808017}}
  
@INPROCEEDINGS{7370624,
  author={Ryu, Minwoo and Yun, Jaeseok and Miao, Ting and Ahn, Il-Yeup and Choi, Sung-Chan and Kim, Jaeho},
  booktitle={2015 IEEE SENSORS}, 
  title={Design and implementation of a connected farm for smart farming system}, 
  year={2015},
  volume={},
  number={},
  pages={1-4},
  keywords={Monitoring;Temperature sensors;Agriculture;Temperature measurement;Smart phones;Logic gates},
  doi={10.1109/ICSENS.2015.7370624}}

@INPROCEEDINGS{8373022,
  author={Bauer, Jan and Aschenbruck, Nils},
  booktitle={2018 IoT Vertical and Topical Summit on Agriculture - Tuscany (IOT Tuscany)}, 
  title={Design and implementation of an agricultural monitoring system for smart farming}, 
  year={2018},
  volume={},
  number={},
  pages={1-6},
  keywords={Wireless sensor networks;Agriculture;Monitoring;Hardware;Intelligent sensors;Temperature sensors},
  doi={10.1109/IOT-TUSCANY.2018.8373022}}
  
@article{bongulto2016design,
  title={Design and implementation of smart farm data logging and monitoring system},
  author={Bongulto, Jaina Nica C and Cabato, AYLO and Caldo, Rionel Belen},
  journal={Laguna J. Eng. Comput. Stud},
  volume={3},
  number={3},
  pages={42--54},
  year={2016}
}

@inproceedings{liu2017design,
  title={Design of greenhouse environment monitoring system based on Wireless Sensor Network},
  author={Liu, Lijun and Zhang, Yang},
  booktitle={2017 3rd International Conference on Control, Automation and Robotics (ICCAR)},
  pages={463--466},
  year={2017},
  organization={IEEE}
}

@article{zagade2012wireless,
  title={Wireless Sensor Network for Greenhouse},
  author={Zagade, SU and Kawitkar, RS},
  journal={International Journal of Science and Technology},
  volume={2},
  number={3},
  pages={130133},
  year={2012},
  publisher={Citeseer}
}

@INPROCEEDINGS{7381396,
  author={Mekki, Marwa and Abdallah, Osman and Amin, Magdi B. M. and Eltayeb, Moez and Abdalfatah, Tafaoul and Babiker, Amin},
  booktitle={2015 International Conference on Computing, Control, Networking, Electronics and Embedded Systems Engineering (ICCNEEE)}, 
  title={Greenhouse monitoring and control system based on wireless Sensor Network}, 
  year={2015},
  volume={},
  number={},
  pages={384-387},
  keywords={Temperature sensors;Wireless sensor networks;Green products;Logic gates;Monitoring;Temperature measurement;Humidity;WSN;Wi-Fi;Greenhouse;LabView},
  doi={10.1109/ICCNEEE.2015.7381396}}
  
@article{torabi2023greenhouse,
  title={Greenhouse monitoring with wireless sensor network},
  author={Torabi, Samira and Fan, Lu},
  journal={Big Data and Computing Visions},
  volume={3},
  number={1},
  pages={21--25},
  year={2023},
  publisher={REA Press}
}
  
@inproceedings{saito2008long,
  title={A long-term field monitoring system with field servers at a grape farm},
  author={Saito, Y and Suzuki, T and Fukatsu, T and Hirafuji, M},
  booktitle={International Symposium on Application of Precision Agriculture for Fruits and Vegetables 824},
  pages={183--190},
  year={2008}
}

@article{keshtgary2012efficient,
  title={An efficient wireless sensor network for precision agriculture},
  author={Keshtgary, Manijeh and Deljoo, Amene},
  journal={Canadian Journal on Multimedia and Wireless Networks},
  volume={3},
  number={1},
  pages={1--5},
  year={2012}
}

@inproceedings{vijayakumar2011preliminary,
  title={Preliminary design for crop monitoring involving water and fertilizer conservation using wireless sensor networks},
  author={Vijayakumar, S and Rosario, J Nelson},
  booktitle={2011 IEEE 3rd International Conference on Communication Software and Networks},
  pages={662--666},
  year={2011},
  organization={IEEE}
}


